%% This BibTeX bibliography file was created using BibDesk.
%% http://bibdesk.sourceforge.net/

%% Created for 曹安洁 at 2024-04-01 21:48:37 -0700 


%% Saved with string encoding Unicode (UTF-8) 



@article{mccartney1990growing,
	Author = {McCartney, Kathleen and Harris, Monica J and Bernieri, Frank},
	Date-Added = {2024-04-01 21:48:34 -0700},
	Date-Modified = {2024-04-01 21:48:34 -0700},
	Journal = {Psychological bulletin},
	Number = {2},
	Pages = {226},
	Publisher = {American Psychological Association},
	Title = {Growing up and growing apart: a developmental meta-analysis of twin studies.},
	Volume = {107},
	Year = {1990}}

@article{sugden2017meta,
	Author = {Sugden, Nicole A and Marquis, Alexandra R},
	Date-Added = {2024-04-01 21:46:48 -0700},
	Date-Modified = {2024-04-01 21:46:48 -0700},
	Journal = {Psychological Bulletin},
	Number = {11},
	Pages = {1201},
	Publisher = {American Psychological Association},
	Title = {Meta-analytic review of the development of face discrimination in infancy: Face race, face gender, infant age, and methodology moderate face discrimination.},
	Volume = {143},
	Year = {2017}}

@article{best2015age,
	Author = {Best, Ryan and Charness, Neil},
	Date-Added = {2024-04-01 21:43:44 -0700},
	Date-Modified = {2024-04-01 21:43:44 -0700},
	Journal = {Psychology and aging},
	Number = {3},
	Pages = {688},
	Publisher = {American Psychological Association},
	Title = {Age differences in the effect of framing on risky choice: A meta-analysis.},
	Volume = {30},
	Year = {2015}}

@article{burnham2004multimodel,
	Author = {Burnham, Kenneth P and Anderson, David R},
	Date-Added = {2024-04-01 21:22:04 -0700},
	Date-Modified = {2024-04-01 21:22:04 -0700},
	Journal = {Sociological methods \& research},
	Number = {2},
	Pages = {261--304},
	Publisher = {Sage Publications Sage CA: Thousand Oaks, CA},
	Title = {Multimodel inference: understanding AIC and BIC in model selection},
	Volume = {33},
	Year = {2004}}

@article{viechtbauer2010conducting,
	Author = {Viechtbauer, Wolfgang},
	Date-Added = {2024-04-01 21:18:16 -0700},
	Date-Modified = {2024-04-01 21:18:16 -0700},
	Journal = {Journal of statistical software},
	Number = {3},
	Pages = {1--48},
	Publisher = {UCLA Statistics},
	Title = {Conducting meta-analyses in R with the metafor package},
	Volume = {36},
	Year = {2010}}

@article{zettersten2023evidence,
	Author = {Zettersten, Martin and Cox, Christopher Martin Mikkelsen and Bergmann, Christina and Tsui, Angeline and Soderstrom, Melanie and Mayor, Julien and Lundwall, Rebecca A and Lewis, Molly and Kosie, Jessica and Kartushina, Natalia and others},
	Date-Added = {2024-04-01 21:14:50 -0700},
	Date-Modified = {2024-04-01 21:14:50 -0700},
	Publisher = {PsyArXiv},
	Title = {Evidence for infant-directed speech preference is consistent across large-scale, multi-site replication and meta-analysis},
	Year = {2023}}

@article{gasparini2021quantifying,
	Author = {Gasparini, Loretta and Langus, Alan and Tsuji, Sho and Boll-Avetisyan, Natalie},
	Date-Added = {2024-04-01 21:07:55 -0700},
	Date-Modified = {2024-04-01 21:07:55 -0700},
	Journal = {Cognition},
	Pages = {104757},
	Publisher = {Elsevier},
	Title = {Quantifying the role of rhythm in infants' language discrimination abilities: A meta-analysis},
	Volume = {213},
	Year = {2021}}

@article{nicholson2017attrition,
	Author = {Nicholson, Jody S and Deboeck, Pascal R and Howard, Waylon},
	Date-Added = {2024-04-01 16:38:53 -0700},
	Date-Modified = {2024-04-01 16:38:53 -0700},
	Journal = {International Journal of Behavioral Development},
	Number = {1},
	Pages = {143--153},
	Publisher = {Sage Publications Sage UK: London, England},
	Title = {Attrition in developmental psychology: A review of modern missing data reporting and practices},
	Volume = {41},
	Year = {2017}}

@article{publications2008reporting,
	Author = {Publications, APA and on Journal, Communications Board Working Group and Standards, Article Reporting},
	Date-Added = {2024-04-01 16:37:17 -0700},
	Date-Modified = {2024-04-01 16:37:17 -0700},
	Journal = {The American Psychologist},
	Number = {9},
	Pages = {839},
	Publisher = {NIH Public Access},
	Title = {Reporting standards for research in psychology: Why do we need them? What might they be?},
	Volume = {63},
	Year = {2008}}

@article{huedo2006assessing,
	Author = {Huedo-Medina, Tania B and S{\'a}nchez-Meca, Julio and Mar{\'\i}n-Mart{\'\i}nez, Fulgencio and Botella, Juan},
	Date-Added = {2024-04-01 16:35:41 -0700},
	Date-Modified = {2024-04-01 16:35:41 -0700},
	Journal = {Psychological methods},
	Number = {2},
	Pages = {193},
	Publisher = {American Psychological Association},
	Title = {Assessing heterogeneity in meta-analysis: Q statistic or I$^2$ index?},
	Volume = {11},
	Year = {2006}}

@article{thompson1999explaining,
	Author = {Thompson, Simon G and Sharp, Stephen J},
	Date-Added = {2024-04-01 16:35:26 -0700},
	Date-Modified = {2024-04-01 16:35:26 -0700},
	Journal = {Statistics in medicine},
	Number = {20},
	Pages = {2693--2708},
	Publisher = {Wiley Online Library},
	Title = {Explaining heterogeneity in meta-analysis: a comparison of methods},
	Volume = {18},
	Year = {1999}}

@article{higgins2002quantifying,
	Author = {Higgins, Julian PT and Thompson, Simon G},
	Date-Added = {2024-04-01 16:34:54 -0700},
	Date-Modified = {2024-04-01 16:34:54 -0700},
	Journal = {Statistics in medicine},
	Number = {11},
	Pages = {1539--1558},
	Publisher = {Wiley Online Library},
	Title = {Quantifying heterogeneity in a meta-analysis},
	Volume = {21},
	Year = {2002}}

@article{fletcher2007heterogeneity,
	Author = {Fletcher, John},
	Date-Added = {2024-04-01 16:34:26 -0700},
	Date-Modified = {2024-04-01 16:34:26 -0700},
	Journal = {Bmj},
	Number = {7584},
	Pages = {94--96},
	Publisher = {British Medical Journal Publishing Group},
	Title = {What is heterogeneity and is it important?},
	Volume = {334},
	Year = {2007}}

@article{simonsohn2022above,
	Author = {Simonsohn, Uri and Simmons, Joseph and Nelson, Leif D},
	Date-Added = {2024-04-01 16:29:51 -0700},
	Date-Modified = {2024-04-01 16:29:51 -0700},
	Journal = {Nature Reviews Psychology},
	Number = {10},
	Pages = {551--552},
	Publisher = {Nature Publishing Group US New York},
	Title = {Above averaging in literature reviews},
	Volume = {1},
	Year = {2022}}

@article{lewis2016quantitative,
	Author = {Lewis, Molly and Braginsky, Mika and Tsuji, Sho and Bergmann, Christina and Piccinini, Page E and Cristia, Alejandrina and others},
	Date-Added = {2024-04-01 16:28:03 -0700},
	Date-Modified = {2024-04-01 16:28:03 -0700},
	Title = {A quantitative synthesis of early language acquisition using meta-analysis},
	Year = {2016}}

@inproceedings{cao2023synthesis,
	Author = {Cao, Anjie and Lewis, Molly and Frank, Michael C},
	Booktitle = {Proceedings of the Annual Meeting of the Cognitive Science Society},
	Date-Added = {2024-04-01 16:25:41 -0700},
	Date-Modified = {2024-04-01 16:25:41 -0700},
	Number = {45},
	Title = {A synthesis of early cognitive and language development using (meta-) meta-analysis},
	Volume = {45},
	Year = {2023}}

@article{bergmann2018promoting,
	Author = {Bergmann, Christina and Tsuji, Sho and Piccinini, Page E and Lewis, Molly L and Braginsky, Mika and Frank, Michael C and Cristia, Alejandrina},
	Date-Added = {2024-04-01 16:21:07 -0700},
	Date-Modified = {2024-04-01 16:21:07 -0700},
	Journal = {Child development},
	Number = {6},
	Pages = {1996--2009},
	Publisher = {Wiley Online Library},
	Title = {Promoting replicability in developmental research through meta-analyses: Insights from language acquisition research},
	Volume = {89},
	Year = {2018}}

@article{egger1997meta,
	Author = {Egger, Matthias and Smith, George Davey and Phillips, Andrew N},
	Date-Added = {2024-04-01 16:20:30 -0700},
	Date-Modified = {2024-04-01 16:20:30 -0700},
	Journal = {Bmj},
	Number = {7121},
	Pages = {1533--1537},
	Publisher = {British Medical Journal Publishing Group},
	Title = {Meta-analysis: principles and procedures},
	Volume = {315},
	Year = {1997}}

@book{borenstein2021introduction,
	Author = {Borenstein, Michael and Hedges, Larry V and Higgins, Julian PT and Rothstein, Hannah R},
	Date-Added = {2024-04-01 16:20:01 -0700},
	Date-Modified = {2024-04-01 16:20:01 -0700},
	Publisher = {John Wiley \& Sons},
	Title = {Introduction to meta-analysis},
	Year = {2021}}

@article{doebel2015meta,
	Author = {Doebel, Sabine and Zelazo, Philip David},
	Date-Added = {2024-04-01 16:18:36 -0700},
	Date-Modified = {2024-04-01 16:18:36 -0700},
	Journal = {Developmental Review},
	Pages = {241--268},
	Publisher = {Elsevier},
	Title = {A meta-analysis of the Dimensional Change Card Sort: Implications for developmental theories and the measurement of executive function in children},
	Volume = {38},
	Year = {2015}}

@article{letourneau2013socioeconomic,
	Author = {Letourneau, Nicole Lyn and Duffett-Leger, Linda and Levac, Leah and Watson, Barry and Young-Morris, Catherine},
	Date-Added = {2024-04-01 16:17:43 -0700},
	Date-Modified = {2024-04-01 16:17:43 -0700},
	Journal = {Journal of Emotional and Behavioral Disorders},
	Number = {3},
	Pages = {211--224},
	Publisher = {Sage Publications Sage CA: Los Angeles, CA},
	Title = {Socioeconomic status and child development: A meta-analysis},
	Volume = {21},
	Year = {2013}}

@article{hyde1984large,
	Author = {Hyde, Janet S},
	Date-Added = {2024-04-01 16:16:31 -0700},
	Date-Modified = {2024-04-01 16:16:31 -0700},
	Journal = {Developmental psychology},
	Number = {4},
	Pages = {722},
	Publisher = {American Psychological Association},
	Title = {How large are gender differences in aggression? A developmental meta-analysis.},
	Volume = {20},
	Year = {1984}}

@article{frank2017collaborative,
	Author = {Frank, Michael C and Bergelson, Elika and Bergmann, Christina and Cristia, Alejandrina and Floccia, Caroline and Gervain, Judit and Hamlin, J Kiley and Hannon, Erin E and Kline, Melissa and Levelt, Claartje and others},
	Date-Added = {2024-04-01 15:59:56 -0700},
	Date-Modified = {2024-04-01 15:59:56 -0700},
	Journal = {Infancy},
	Number = {4},
	Pages = {421--435},
	Publisher = {Wiley Online Library},
	Title = {A collaborative approach to infant research: Promoting reproducibility, best practices, and theory-building},
	Volume = {22},
	Year = {2017}}

@article{naigles1990children,
	Author = {Naigles, Letitia},
	Date-Added = {2024-04-01 15:59:27 -0700},
	Date-Modified = {2024-04-01 15:59:27 -0700},
	Journal = {Journal of child language},
	Number = {2},
	Pages = {357--374},
	Publisher = {Cambridge University Press},
	Title = {Children use syntax to learn verb meanings},
	Volume = {17},
	Year = {1990}}

@article{saffran1996statistical,
	Author = {Saffran, Jenny R and Aslin, Richard N and Newport, Elissa L},
	Date-Added = {2024-04-01 15:58:57 -0700},
	Date-Modified = {2024-04-01 15:58:57 -0700},
	Journal = {Science},
	Number = {5294},
	Pages = {1926--1928},
	Publisher = {American Association for the Advancement of Science},
	Title = {Statistical learning by 8-month-old infants},
	Volume = {274},
	Year = {1996}}

@article{markman1988children,
	Author = {Markman, Ellen M and Wachtel, Gwyn F},
	Date-Added = {2024-04-01 15:58:38 -0700},
	Date-Modified = {2024-04-01 15:58:38 -0700},
	Journal = {Cognitive psychology},
	Number = {2},
	Pages = {121--157},
	Publisher = {Elsevier},
	Title = {Children's use of mutual exclusivity to constrain the meanings of words},
	Volume = {20},
	Year = {1988}}

@article{tilling2014modelling,
	Author = {Tilling, Kate and Macdonald-Wallis, Corrie and Lawlor, Debbie A and Hughes, Rachael A and Howe, Laura D},
	Date-Added = {2024-04-01 13:58:50 -0700},
	Date-Modified = {2024-04-01 13:58:50 -0700},
	Journal = {Annals of Nutrition and Metabolism},
	Number = {2-3},
	Pages = {129--138},
	Publisher = {S. Karger AG},
	Title = {Modelling childhood growth using fractional polynomials and linear splines},
	Volume = {65},
	Year = {2014}}

@article{karlberg1987analysis,
	Author = {Karlberg, Johan and Engstr{\"o}m, Inga and Karlberg, Petter and Fryer, John G},
	Date-Added = {2024-04-01 13:57:58 -0700},
	Date-Modified = {2024-04-01 13:57:58 -0700},
	Journal = {Acta Paediatrica},
	Number = {3},
	Pages = {478--488},
	Publisher = {Wiley Online Library},
	Title = {Analysis of linear growth using a mathematical model: I. From birth to three years},
	Volume = {76},
	Year = {1987}}

@article{cole2020development,
	Author = {Cole, Pamela M and Lougheed, Jessica P and Chow, Sy-Miin and Ram, Nilam},
	Date-Added = {2024-04-01 13:56:59 -0700},
	Date-Modified = {2024-04-01 13:56:59 -0700},
	Journal = {Affective science},
	Pages = {28--41},
	Publisher = {Springer},
	Title = {Development of emotion regulation dynamics across early childhood: A multiple time-scale approach},
	Volume = {1},
	Year = {2020}}

@article{mcardle2009modeling,
	Author = {McArdle, John J and Grimm, Kevin J and Hamagami, Fumiaki and Bowles, Ryan P and Meredith, William},
	Date-Added = {2024-04-01 13:48:04 -0700},
	Date-Modified = {2024-04-01 13:48:04 -0700},
	Journal = {Psychological methods},
	Number = {2},
	Pages = {126},
	Publisher = {American Psychological Association},
	Title = {Modeling life-span growth curves of cognition using longitudinal data with multiple samples and changing scales of measurement.},
	Volume = {14},
	Year = {2009}}

@article{adolph2008shape,
	Author = {Adolph, Karen E and Robinson, Scott R and Young, Jesse W and Gill-Alvarez, Felix},
	Date-Added = {2024-04-01 13:24:21 -0700},
	Date-Modified = {2024-04-01 13:24:21 -0700},
	Journal = {Psychological review},
	Number = {3},
	Pages = {527},
	Publisher = {American Psychological Association},
	Title = {What is the shape of developmental change?},
	Volume = {115},
	Year = {2008}}

@book{frank2021variability,
	Author = {Frank, Michael C and Braginsky, Mika and Yurovsky, Daniel and Marchman, Virginia A},
	Date-Added = {2024-04-01 13:15:50 -0700},
	Date-Modified = {2024-04-01 13:15:50 -0700},
	Publisher = {MIT Press},
	Title = {Variability and consistency in early language learning: The Wordbank project},
	Year = {2021}}

@article{johansson2016individual,
	Author = {Johansson, Maria and Marciszko, Carin and Brocki, Karin and Bohlin, Gunilla},
	Date-Added = {2024-04-01 13:13:57 -0700},
	Date-Modified = {2024-04-01 13:13:57 -0700},
	Journal = {Infant and Child Development},
	Number = {6},
	Pages = {533--549},
	Publisher = {Wiley Online Library},
	Title = {Individual differences in early executive functions: A longitudinal study from 12 to 36 months},
	Volume = {25},
	Year = {2016}}

@article{lindenberger1998complex,
	Author = {Lindenberger, Ulman and P{\"o}tter, Ulrich},
	Date-Added = {2024-04-01 13:13:16 -0700},
	Date-Modified = {2024-04-01 13:13:16 -0700},
	Journal = {Psychological Methods},
	Number = {2},
	Pages = {218},
	Publisher = {American Psychological Association},
	Title = {The complex nature of unique and shared effects in hierarchical linear regression: Implications for developmental psychology.},
	Volume = {3},
	Year = {1998}}

@article{flavell1994cognitive,
	Author = {Flavell, John H},
	Date-Added = {2024-04-01 13:12:46 -0700},
	Date-Modified = {2024-04-01 13:12:46 -0700},
	Publisher = {American Psychological Association},
	Title = {Cognitive development: Past, present, and future.},
	Year = {1994}}

@book{elman1996rethinking,
	Author = {Elman, Jeffrey L},
	Date-Added = {2024-04-01 13:05:47 -0700},
	Date-Modified = {2024-04-01 13:05:47 -0700},
	Publisher = {MIT press},
	Title = {Rethinking innateness: A connectionist perspective on development},
	Volume = {10},
	Year = {1996}}

@article{thelen2007dynamic,
	Author = {Thelen, Esther and Smith, Linda B},
	Date-Added = {2024-04-01 13:03:58 -0700},
	Date-Modified = {2024-04-01 13:03:58 -0700},
	Journal = {Handbook of child psychology},
	Publisher = {John Wiley \& Sons, Inc. Hoboken, NJ, USA},
	Title = {Dynamic systems theories},
	Volume = {1},
	Year = {2007}}

@book{carey2009origin,
	Author = {Carey, Susan},
	Date-Added = {2024-04-01 13:02:02 -0700},
	Date-Modified = {2024-04-01 13:02:02 -0700},
	Publisher = {Oxford University Press},
	Title = {The Origin of Concepts},
	Year = {2009}}

@article{bronfenbrenner1977toward,
	Author = {Bronfenbrenner, Urie},
	Date-Added = {2024-04-01 12:59:06 -0700},
	Date-Modified = {2024-04-01 12:59:06 -0700},
	Journal = {American psychologist},
	Number = {7},
	Pages = {513},
	Publisher = {American Psychological Association},
	Title = {Toward an experimental ecology of human development.},
	Volume = {32},
	Year = {1977}}

@article{piaget1971theory,
	Author = {Piaget, Jean},
	Date-Added = {2024-04-01 12:57:39 -0700},
	Date-Modified = {2024-04-01 12:57:39 -0700},
	Publisher = {McGraw-Hill},
	Title = {The theory of stages in cognitive development.},
	Year = {1971}}

@manual{R-base,
	Address = {Vienna, Austria},
	Author = {{R Core Team}},
	Organization = {R Foundation for Statistical Computing},
	Title = {R: A Language and Environment for Statistical Computing},
	Url = {https://www.R-project.org/},
	Year = {2022},
	Bdsk-Url-1 = {https://www.R-project.org/}}

@manual{R-papaja,
	Author = {Frederik Aust and Marius Barth},
	Note = {R package version 0.1.1},
	Title = {{papaja}: {Prepare} reproducible {APA} journal articles with {R Markdown}},
	Url = {https://github.com/crsh/papaja},
	Year = {2022},
	Bdsk-Url-1 = {https://github.com/crsh/papaja}}

@manual{R-tinylabels,
	Author = {Marius Barth},
	Note = {R package version 0.2.3},
	Title = {{tinylabels}: Lightweight Variable Labels},
	Url = {https://cran.r-project.org/package=tinylabels},
	Year = {2022},
	Bdsk-Url-1 = {https://cran.r-project.org/package=tinylabels}}
@Manual{R-dplyr,
  title = {dplyr: A Grammar of Data Manipulation},
  author = {Hadley Wickham and Romain François and Lionel Henry and Kirill Müller and Davis Vaughan},
  year = {2023},
  note = {R package version 1.1.4},
  url = {https://CRAN.R-project.org/package=dplyr},
}
@Manual{R-forcats,
  title = {forcats: Tools for Working with Categorical Variables (Factors)},
  author = {Hadley Wickham},
  year = {2022},
  note = {R package version 0.5.2},
  url = {https://CRAN.R-project.org/package=forcats},
}
@Book{R-ggplot2,
  author = {Hadley Wickham},
  title = {ggplot2: Elegant Graphics for Data Analysis},
  publisher = {Springer-Verlag New York},
  year = {2016},
  isbn = {978-3-319-24277-4},
  url = {https://ggplot2.tidyverse.org},
}
@Manual{R-here,
  title = {here: A Simpler Way to Find Your Files},
  author = {Kirill Müller},
  year = {2020},
  note = {R package version 1.0.1},
  url = {https://CRAN.R-project.org/package=here},
}
@Manual{R-purrr,
  title = {purrr: Functional Programming Tools},
  author = {Hadley Wickham and Lionel Henry},
  year = {2023},
  note = {R package version 1.0.1},
  url = {https://CRAN.R-project.org/package=purrr},
}
@Manual{R-readr,
  title = {readr: Read Rectangular Text Data},
  author = {Hadley Wickham and Jim Hester and Jennifer Bryan},
  year = {2022},
  note = {R package version 2.1.3},
  url = {https://CRAN.R-project.org/package=readr},
}
@Manual{R-stringr,
  title = {stringr: Simple, Consistent Wrappers for Common String Operations},
  author = {Hadley Wickham},
  year = {2022},
  note = {R package version 1.5.0},
  url = {https://CRAN.R-project.org/package=stringr},
}
@Manual{R-tibble,
  title = {tibble: Simple Data Frames},
  author = {Kirill Müller and Hadley Wickham},
  year = {2023},
  note = {R package version 3.2.1},
  url = {https://CRAN.R-project.org/package=tibble},
}
@Manual{R-tidyr,
  title = {tidyr: Tidy Messy Data},
  author = {Hadley Wickham and Davis Vaughan and Maximilian Girlich},
  year = {2023},
  note = {R package version 1.3.0},
  url = {https://CRAN.R-project.org/package=tidyr},
}
@Article{R-tidyverse,
  title = {Welcome to the {tidyverse}},
  author = {Hadley Wickham and Mara Averick and Jennifer Bryan and Winston Chang and Lucy D'Agostino McGowan and Romain François and Garrett Grolemund and Alex Hayes and Lionel Henry and Jim Hester and Max Kuhn and Thomas Lin Pedersen and Evan Miller and Stephan Milton Bache and Kirill Müller and Jeroen Ooms and David Robinson and Dana Paige Seidel and Vitalie Spinu and Kohske Takahashi and Davis Vaughan and Claus Wilke and Kara Woo and Hiroaki Yutani},
  year = {2019},
  journal = {Journal of Open Source Software},
  volume = {4},
  number = {43},
  pages = {1686},
  doi = {10.21105/joss.01686},
}
